@book{knuth1986texbook,
author = {Donald E. Knuth},
title = {The \TeX{}book},
publisher = {Addison-Wesley},
year = {1986},
isbn = {0-201-13447-0},
}
